%% This BibTeX bibliography file was created using BibDesk.
%% http://bibdesk.sourceforge.net/

%% Created for David Dai at 2016-05-07 02:25:45 -0400 


%% Saved with string encoding Unicode (UTF-8) 

  

@article{shlomi2011genome,
	Author = {Shlomi, Tomer and Benyamini, Tomer and Gottlieb, Eyal and Sharan, Roded and Ruppin, Eytan},
	Date-Added = {2016-05-07 18:13:24 +0000},
	Date-Modified = {2016-05-07 18:13:24 +0000},
	Journal = {PLoS Comput Biol},
	Number = {3},
	Pages = {e1002018},
	Publisher = {Public Library of Science},
	Title = {Genome-scale metabolic modeling elucidates the role of proliferative adaptation in causing the Warburg effect},
	Volume = {7},
	Year = {2011}}

@article{heijnen2005approximative,
	Author = {Heijnen, Joseph J},
	Date-Added = {2016-05-07 06:24:46 +0000},
	Date-Modified = {2016-05-07 06:24:46 +0000},
	Journal = {Biotechnology and bioengineering},
	Number = {5},
	Pages = {534--545},
	Publisher = {Wiley Online Library},
	Title = {Approximative kinetic formats used in metabolic network modeling},
	Volume = {91},
	Year = {2005}}

@article{machta2013parameter,
	Author = {Machta, Benjamin B and Chachra, Ricky and Transtrum, Mark K and Sethna, James P},
	Date-Added = {2016-05-07 06:24:27 +0000},
	Date-Modified = {2016-05-07 06:24:27 +0000},
	Journal = {Science},
	Number = {6158},
	Pages = {604--607},
	Publisher = {American Association for the Advancement of Science},
	Title = {Parameter space compression underlies emergent theories and predictive models},
	Volume = {342},
	Year = {2013}}

@incollection{heijnen2010impact,
	Author = {Heijnen, JJ},
	Booktitle = {Biosystems Engineering II},
	Date-Added = {2016-05-07 06:24:01 +0000},
	Date-Modified = {2016-05-07 06:24:01 +0000},
	Pages = {139--162},
	Publisher = {Springer},
	Title = {Impact of thermodynamic principles in systems biology},
	Year = {2010}}

@article{bennett2009absolute,
	Author = {Bennett, Bryson D and Kimball, Elizabeth H and Gao, Melissa and Osterhout, Robin and Van Dien, Stephen J and Rabinowitz, Joshua D},
	Date-Added = {2016-05-07 06:23:38 +0000},
	Date-Modified = {2016-05-07 06:23:38 +0000},
	Journal = {Nature chemical biology},
	Number = {8},
	Pages = {593--599},
	Publisher = {Nature Publishing Group},
	Title = {Absolute metabolite concentrations and implied enzyme active site occupancy in Escherichia coli},
	Volume = {5},
	Year = {2009}}

@article{schuetz2007systematic,
	Author = {Schuetz, Robert and Kuepfer, Lars and Sauer, Uwe},
	Date-Added = {2016-05-07 06:23:18 +0000},
	Date-Modified = {2016-05-07 06:23:18 +0000},
	Journal = {Molecular systems biology},
	Number = {1},
	Pages = {119},
	Publisher = {EMBO Press},
	Title = {Systematic evaluation of objective functions for predicting intracellular fluxes in Escherichia coli},
	Volume = {3},
	Year = {2007}}

@article{varma1994stoichiometric,
	Author = {Varma, Amit and Palsson, Bernhard O},
	Date-Added = {2016-05-07 06:22:56 +0000},
	Date-Modified = {2016-05-07 06:22:56 +0000},
	Journal = {Applied and environmental microbiology},
	Number = {10},
	Pages = {3724--3731},
	Publisher = {Am Soc Microbiol},
	Title = {Stoichiometric flux balance models quantitatively predict growth and metabolic by-product secretion in wild-type Escherichia coli W3110.},
	Volume = {60},
	Year = {1994}}

@article{zhuang2011economics,
	Author = {Zhuang, Kai and Vemuri, Goutham N and Mahadevan, Radhakrishnan},
	Date-Added = {2016-05-07 00:13:42 +0000},
	Date-Modified = {2016-05-07 00:13:42 +0000},
	Journal = {Molecular systems biology},
	Number = {1},
	Pages = {500},
	Publisher = {EMBO Press},
	Title = {Economics of membrane occupancy and respiro-fermentation},
	Volume = {7},
	Year = {2011}}

@article{beg2007intracellular,
	Author = {Beg, Qasim K and Vazquez, Alexei and Ernst, Jason and de Menezes, Marcio A and Bar-Joseph, Ziv and Barab{\'a}si, A-L and Oltvai, Zolt{\'a}n N},
	Date-Added = {2016-05-07 00:07:14 +0000},
	Date-Modified = {2016-05-07 00:07:14 +0000},
	Journal = {Proceedings of the National Academy of Sciences},
	Number = {31},
	Pages = {12663--12668},
	Publisher = {National Acad Sciences},
	Title = {Intracellular crowding defines the mode and sequence of substrate uptake by Escherichia coli and constrains its metabolic activity},
	Volume = {104},
	Year = {2007}}

@article{thiele2009genome,
	Author = {Thiele, Ines and Jamshidi, Neema and Fleming, Ronan MT and Palsson, Bernhard {\O}},
	Date-Added = {2016-05-07 00:06:54 +0000},
	Date-Modified = {2016-05-07 00:06:54 +0000},
	Journal = {PLoS Comput Biol},
	Number = {3},
	Pages = {e1000312},
	Publisher = {Public Library of Science},
	Title = {Genome-scale reconstruction of Escherichia coli's transcriptional and translational machinery: a knowledge base, its mathematical formulation, and its functional characterization},
	Volume = {5},
	Year = {2009}}

@article{kauffman2003advances,
	Author = {Kauffman, Kenneth J and Prakash, Purusharth and Edwards, Jeremy S},
	Date-Added = {2016-05-07 00:06:34 +0000},
	Date-Modified = {2016-05-07 00:06:34 +0000},
	Journal = {Current opinion in biotechnology},
	Number = {5},
	Pages = {491--496},
	Publisher = {Elsevier},
	Title = {Advances in flux balance analysis},
	Volume = {14},
	Year = {2003}}

@article{edwards2000robustness,
	Author = {Edwards, Jeremy S and Palsson, Bernhard O},
	Date-Added = {2016-05-07 00:05:46 +0000},
	Date-Modified = {2016-05-07 00:05:46 +0000},
	Journal = {Biotechnology Progress},
	Number = {6},
	Pages = {927--939},
	Publisher = {Wiley Online Library},
	Title = {Robustness analysis of the escherichiacoli metabolic network},
	Volume = {16},
	Year = {2000}}

@article{covert2002transcriptional,
	Author = {Covert, Markus W and Palsson, Bernhard {\O}},
	Date-Added = {2016-05-07 00:05:23 +0000},
	Date-Modified = {2016-05-07 00:05:23 +0000},
	Journal = {Journal of Biological Chemistry},
	Number = {31},
	Pages = {28058--28064},
	Publisher = {ASBMB},
	Title = {Transcriptional regulation in constraints-based metabolic models of Escherichia coli},
	Volume = {277},
	Year = {2002}}

@article{ibarra2002escherichia,
	Author = {Ibarra, Rafael U and Edwards, Jeremy S and Palsson, Bernhard O},
	Date-Added = {2016-05-07 00:05:08 +0000},
	Date-Modified = {2016-05-07 00:05:08 +0000},
	Journal = {Nature},
	Number = {6912},
	Pages = {186--189},
	Publisher = {Nature Publishing Group},
	Title = {Escherichia coli K-12 undergoes adaptive evolution to achieve in silico predicted optimal growth},
	Volume = {420},
	Year = {2002}}

@article{edwards2001silico,
	Author = {Edwards, Jeremy S and Ibarra, Rafael U and Palsson, Bernhard O},
	Date-Added = {2016-05-07 00:04:55 +0000},
	Date-Modified = {2016-05-07 00:04:55 +0000},
	Journal = {Nature biotechnology},
	Number = {2},
	Pages = {125--130},
	Publisher = {Nature Publishing Group},
	Title = {In silico predictions of Escherichia coli metabolic capabilities are consistent with experimental data},
	Volume = {19},
	Year = {2001}}

@article{schilling2002genome,
	Author = {Schilling, Christophe H and Covert, Markus W and Famili, Iman and Church, George M and Edwards, Jeremy S and Palsson, Bernhard O},
	Date-Added = {2016-05-07 00:04:32 +0000},
	Date-Modified = {2016-05-07 00:04:32 +0000},
	Journal = {Journal of bacteriology},
	Number = {16},
	Pages = {4582--4593},
	Publisher = {Am Soc Microbiol},
	Title = {Genome-scale metabolic model of Helicobacter pylori 26695},
	Volume = {184},
	Year = {2002}}

@article{varma1993biochemical,
	Author = {Varma, Amit and Boesch, Brian W and Palsson, Bernhard O},
	Date-Added = {2016-05-07 00:03:14 +0000},
	Date-Modified = {2016-05-07 00:03:14 +0000},
	Journal = {Biotechnology and bioengineering},
	Number = {1},
	Pages = {59--73},
	Publisher = {Wiley Online Library},
	Title = {Biochemical production capabilities of Escherichia coli},
	Volume = {42},
	Year = {1993}}

@article{ramakrishna2001flux,
	Author = {Ramakrishna, Ramprasad and Edwards, Jeremy S and McCulloch, Andrew and Palsson, Bernhard O},
	Date-Added = {2016-05-07 00:02:49 +0000},
	Date-Modified = {2016-05-07 00:02:49 +0000},
	Journal = {American Journal of Physiology-Regulatory, Integrative and Comparative Physiology},
	Number = {3},
	Pages = {R695--R704},
	Publisher = {Am Physiological Soc},
	Title = {Flux-balance analysis of mitochondrial energy metabolism: consequences of systemic stoichiometric constraints},
	Volume = {280},
	Year = {2001}}

@article{van2002stoichiometric,
	Author = {Van Dien, Stephen J and Lidstrom, Mary E},
	Date-Added = {2016-05-07 00:02:31 +0000},
	Date-Modified = {2016-05-07 00:02:31 +0000},
	Journal = {Biotechnology and bioengineering},
	Number = {3},
	Pages = {296--312},
	Publisher = {Wiley Online Library},
	Title = {Stoichiometric model for evaluating the metabolic capabilities of the facultative methylotroph Methylobacterium extorquens AM1, with application to reconstruction of C3 and C4 metabolism},
	Volume = {78},
	Year = {2002}}

@article{edwards2002characterizing,
	Author = {Edwards, Jeremy S and Ramakrishna, Ramprasad and Palsson, Bernhard O},
	Date-Added = {2016-05-07 00:02:14 +0000},
	Date-Modified = {2016-05-07 00:02:14 +0000},
	Journal = {Biotechnology and bioengineering},
	Number = {1},
	Pages = {27--36},
	Publisher = {Wiley Online Library},
	Title = {Characterizing the metabolic phenotype: a phenotype phase plane analysis},
	Volume = {77},
	Year = {2002}}

@article{burgard2003optimization,
	Author = {Burgard, Anthony P and Maranas, Costas D},
	Date-Added = {2016-05-07 00:00:50 +0000},
	Date-Modified = {2016-05-07 00:00:50 +0000},
	Journal = {Biotechnology and bioengineering},
	Number = {6},
	Pages = {670--677},
	Publisher = {Wiley Online Library},
	Title = {Optimization-based framework for inferring and testing hypothesized metabolic objective functions},
	Volume = {82},
	Year = {2003}}

@article{mahadevan2002dynamic,
	Author = {Mahadevan, Radhakrishnan and Edwards, Jeremy S and Doyle, Francis J},
	Date-Added = {2016-05-07 00:00:29 +0000},
	Date-Modified = {2016-05-07 00:00:29 +0000},
	Journal = {Biophysical journal},
	Number = {3},
	Pages = {1331--1340},
	Publisher = {Elsevier},
	Title = {Dynamic flux balance analysis of diauxic growth in Escherichia coli},
	Volume = {83},
	Year = {2002}}

@article{thiele2013community,
	Author = {Thiele, Ines and Swainston, Neil and Fleming, Ronan MT and Hoppe, Andreas and Sahoo, Swagatika and Aurich, Maike K and Haraldsdottir, Hulda and Mo, Monica L and Rolfsson, Ottar and Stobbe, Miranda D and others},
	Date-Added = {2016-05-06 23:59:00 +0000},
	Date-Modified = {2016-05-06 23:59:00 +0000},
	Journal = {Nature biotechnology},
	Number = {5},
	Pages = {419--425},
	Publisher = {Nature Publishing Group},
	Title = {A community-driven global reconstruction of human metabolism},
	Volume = {31},
	Year = {2013}}

@article{duarte2007global,
	Author = {Duarte, Natalie C and Becker, Scott A and Jamshidi, Neema and Thiele, Ines and Mo, Monica L and Vo, Thuy D and Srivas, Rohith and Palsson, Bernhard {\O}},
	Date-Added = {2016-05-06 23:58:10 +0000},
	Date-Modified = {2016-05-06 23:58:10 +0000},
	Journal = {Proceedings of the National Academy of Sciences},
	Number = {6},
	Pages = {1777--1782},
	Publisher = {National Acad Sciences},
	Title = {Global reconstruction of the human metabolic network based on genomic and bibliomic data},
	Volume = {104},
	Year = {2007}}

@article{oh2007genome,
	Author = {Oh, You-Kwan and Palsson, Bernhard O and Park, Sung M and Schilling, Christophe H and Mahadevan, Radhakrishnan},
	Date-Added = {2016-05-06 23:53:14 +0000},
	Date-Modified = {2016-05-06 23:53:14 +0000},
	Journal = {Journal of Biological Chemistry},
	Number = {39},
	Pages = {28791--28799},
	Publisher = {ASBMB},
	Title = {Genome-scale reconstruction of metabolic network in Bacillus subtilis based on high-throughput phenotyping and gene essentiality data},
	Volume = {282},
	Year = {2007}}

@article{feist2007genome,
	Author = {Feist, Adam M and Henry, Christopher S and Reed, Jennifer L and Krummenacker, Markus and Joyce, Andrew R and Karp, Peter D and Broadbelt, Linda J and Hatzimanikatis, Vassily and Palsson, Bernhard {\O}},
	Date-Added = {2016-05-06 23:52:54 +0000},
	Date-Modified = {2016-05-06 23:52:54 +0000},
	Journal = {Molecular systems biology},
	Number = {1},
	Publisher = {Wiley Online Library},
	Title = {A genome-scale metabolic reconstruction for Escherichia coli K-12 MG1655 that accounts for 1260 ORFs and thermodynamic information},
	Volume = {3},
	Year = {2007}}

@article{feist2009reconstruction,
	Author = {Feist, Adam M and Herrg{\aa}rd, Markus J and Thiele, Ines and Reed, Jennie L and Palsson, Bernhard {\O}},
	Date-Added = {2016-05-06 23:52:36 +0000},
	Date-Modified = {2016-05-06 23:52:36 +0000},
	Journal = {Nature Reviews Microbiology},
	Number = {2},
	Pages = {129--143},
	Publisher = {Nature Publishing Group},
	Title = {Reconstruction of biochemical networks in microorganisms},
	Volume = {7},
	Year = {2009}}

@article{edwards2000escherichia,
	Author = {Edwards, JS and Palsson, BO},
	Date-Added = {2016-05-06 23:52:19 +0000},
	Date-Modified = {2016-05-06 23:52:19 +0000},
	Journal = {Proceedings of the National Academy of Sciences},
	Number = {10},
	Pages = {5528--5533},
	Publisher = {National Acad Sciences},
	Title = {The Escherichia coli MG1655 in silico metabolic genotype: its definition, characteristics, and capabilities},
	Volume = {97},
	Year = {2000}}

@article{lewis2012constraining,
	Author = {Lewis, Nathan E and Nagarajan, Harish and Palsson, Bernhard O},
	Date-Added = {2016-05-06 23:52:03 +0000},
	Date-Modified = {2016-05-06 23:52:03 +0000},
	Journal = {Nature Reviews Microbiology},
	Number = {4},
	Pages = {291--305},
	Publisher = {Nature Publishing Group},
	Title = {Constraining the metabolic genotype--phenotype relationship using a phylogeny of in silico methods},
	Volume = {10},
	Year = {2012}}

@article{sagar2015dynamic,
	Author = {Sagar, Adithya and Varner, Jeffrey D},
	Date-Added = {2016-05-06 23:51:43 +0000},
	Date-Modified = {2016-05-06 23:51:43 +0000},
	Journal = {Processes},
	Number = {1},
	Pages = {178--203},
	Publisher = {Multidisciplinary Digital Publishing Institute},
	Title = {Dynamic Modeling of the Human Coagulation Cascade Using Reduced Order Effective Kinetic Models},
	Volume = {3},
	Year = {2015}}

@article{wayman2015dynamic,
	Author = {Wayman, Joseph A and Sagar, Adithya and Varner, Jeffrey D},
	Date-Added = {2016-05-06 23:51:27 +0000},
	Date-Modified = {2016-05-06 23:51:27 +0000},
	Journal = {Processes},
	Number = {1},
	Pages = {138--160},
	Publisher = {Multidisciplinary Digital Publishing Institute},
	Title = {Dynamic Modeling of Cell-Free Biochemical Networks Using Effective Kinetic Models},
	Volume = {3},
	Year = {2015}}

@article{conrado2007stochastic,
	Author = {Conrado, Robert J and Mansell, Thomas J and Varner, Jeffrey D and DeLisa, Matthew P},
	Date-Added = {2016-05-06 23:51:00 +0000},
	Date-Modified = {2016-05-06 23:51:00 +0000},
	Journal = {Metabolic engineering},
	Number = {4},
	Pages = {355--363},
	Publisher = {Elsevier},
	Title = {Stochastic reaction--diffusion simulation of enzyme compartmentalization reveals improved catalytic efficiency for a synthetic metabolic pathway},
	Volume = {9},
	Year = {2007}}

@inproceedings{palsson1987reducing,
	Author = {Palsson, BO and Joshi, A and Ozturk, SS},
	Booktitle = {Federation proceedings},
	Date-Added = {2016-05-06 23:50:42 +0000},
	Date-Modified = {2016-05-06 23:50:42 +0000},
	Pages = {2485--2489},
	Title = {Reducing complexity in metabolic networks: making metabolic meshes manageable.},
	Volume = {46},
	Year = {1987}}

@article{kompala1986investigation,
	Author = {Kompala, Dhinakar S and Ramkrishna, Doraiswami and Jansen, Norman B and Tsao, George T},
	Date-Added = {2016-05-06 23:50:24 +0000},
	Date-Modified = {2016-05-06 23:50:24 +0000},
	Journal = {Biotechnology and Bioengineering},
	Number = {7},
	Pages = {1044--1055},
	Publisher = {Wiley Online Library},
	Title = {Investigation of bacterial growth on mixed substrates: experimental evaluation of cybernetic models},
	Volume = {28},
	Year = {1986}}

@article{novak1999finishing,
	Author = {Nov{\'a}k, B{\'e}la and T{\'o}th, Attila and Csik{\'a}sz-Nagy, Attila and Gy{\"o}rffy, B{\'e}la and Tyson, John J and Nasmyth, Kim},
	Date-Added = {2016-05-06 23:50:04 +0000},
	Date-Modified = {2016-05-06 23:50:04 +0000},
	Journal = {Journal of Theoretical Biology},
	Number = {2},
	Pages = {223--233},
	Publisher = {Elsevier},
	Title = {Finishing the cell cycle},
	Volume = {199},
	Year = {1999}}

@article{liao1993modelling,
	Author = {Liao, James C},
	Date-Added = {2016-05-06 23:49:43 +0000},
	Date-Modified = {2016-05-06 23:49:43 +0000},
	Journal = {Current opinion in biotechnology},
	Number = {2},
	Pages = {211--216},
	Publisher = {Elsevier},
	Title = {Modelling and analysis of metabolic pathways},
	Volume = {4},
	Year = {1993}}

@article{barkal1997robustness,
	Author = {Barkal, N and Leibler, Stan},
	Date-Added = {2016-05-06 23:49:20 +0000},
	Date-Modified = {2016-05-06 23:49:20 +0000},
	Journal = {Nature},
	Number = {6636},
	Pages = {913--917},
	Publisher = {Nature Publishing Group, The Macmillan Building London N 1 9 XW UK},
	Title = {Robustness in simple biochemical networks},
	Volume = {387},
	Year = {1997}}

@article{palsson1993model,
	Author = {Palsson, Bernhard {\O} and Lee, I-Der},
	Date-Added = {2016-05-06 23:48:45 +0000},
	Date-Modified = {2016-05-06 23:48:45 +0000},
	Publisher = {Elsevier},
	Title = {Model complexity has a significant effect on the numerical value and interpretation of metabolic sensitivity coefficients},
	Year = {1993}}

@article{domach1984computer,
	Author = {Domach, MM and Leung, SK and Cahn, RE and Cocks, GG and Shuler, ML},
	Date-Added = {2016-05-06 23:48:21 +0000},
	Date-Modified = {2016-05-06 23:48:21 +0000},
	Journal = {Biotechnology and bioengineering},
	Number = {3},
	Pages = {203--216},
	Publisher = {Wiley Online Library},
	Title = {Computer model for glucose-limited growth of a single cell of Escherichia coli B/r-A},
	Volume = {26},
	Year = {1984}}

@book{fell1997understanding,
	Author = {Fell, David and Cornish-Bowden, Athel},
	Date-Added = {2016-05-06 23:47:26 +0000},
	Date-Modified = {2016-05-06 23:47:26 +0000},
	Publisher = {Portland press London},
	Title = {Understanding the control of metabolism},
	Volume = {2},
	Year = {1997}}

@article{castellanos2004modular,
	Author = {Castellanos, Mariajose and Wilson, David B and Shuler, Michael L},
	Date-Added = {2016-05-06 23:47:02 +0000},
	Date-Modified = {2016-05-06 23:47:02 +0000},
	Journal = {Proceedings of the National Academy of Sciences of the United States of America},
	Number = {17},
	Pages = {6681--6686},
	Publisher = {National Acad Sciences},
	Title = {A modular minimal cell model: purine and pyrimidine transport and metabolism},
	Volume = {101},
	Year = {2004}}

@article{bailey1998mathematical,
	Author = {Bailey, James E},
	Date-Added = {2016-05-06 23:45:56 +0000},
	Date-Modified = {2016-05-06 23:45:56 +0000},
	Journal = {Biotechnology progress},
	Number = {1},
	Pages = {8--20},
	Publisher = {Wiley Online Library},
	Title = {Mathematical modeling and analysis in biochemical engineering: past accomplishments and future opportunities},
	Volume = {14},
	Year = {1998}}

@article{Orth2010what,
	Annote = {10.1038/nbt.1614},
	Author = {Orth, Jeffrey D and Thiele, Ines and Palsson, Bernhard O},
	Date = {2010/03//print},
	Date-Added = {2016-05-06 22:08:31 +0000},
	Date-Modified = {2016-05-06 22:08:31 +0000},
	Isbn = {1087-0156},
	Journal = {Nat Biotech},
	L3 = {http://www.nature.com/nbt/journal/v28/n3/abs/nbt.1614.html#supplementary-information},
	M3 = {10.1038/nbt.1614},
	Month = {03},
	Number = {3},
	Pages = {245--248},
	Publisher = {Nature Publishing Group},
	Title = {What is flux balance analysis?},
	Ty = {JOUR},
	Url = {http://dx.doi.org/10.1038/nbt.1614},
	Volume = {28},
	Year = {2010},
	Bdsk-Url-1 = {http://dx.doi.org/10.1038/nbt.1614}}

